@misc{rabbitmq,
  title = {{RabbitMQ}},
  url = {http://www.rabbitmq.com/},
  abstract = {{RabbitMQ} - Messaging that Just Works},
  note = {http://www.rabbitmq.com/ - Accessed: 2/9/13}
}

@misc{flask,
  title = {Flask},
  url = {http://flask.pocoo.org/},
  abstract = {Flask - Web Development, One Drop at a Time},
  note = {http://flask.pocoo.org/ - Accessed: 2/9/13}
}

@article{king2012modifying,
  title={Modifying without a trace: General audit guidelines are inadequate for electronic health record audit mechanisms},
  author={King, Jason and Smith, Ben and Williams, Laurie},
  journal={Proceedings of ACM IHI},
  volume={2012},
  year={2012}
}

@article{anderson2005comparison,
  title={A comparison of two privacy policy languages: EPAL and XACML},
  author={Anderson, A.},
  year={2005},
  publisher={Sun Microsystems, Inc.}
}

@article{annas2003hipaa,
  title={HIPAA regulations—a new era of medical-record privacy?},
  author={Annas, G.J.},
  journal={New England Journal of Medicine},
  volume={348},
  number={15},
  pages={1486--1490},
  year={2003},
  publisher={Mass Medical Soc}
}

@inproceedings{zhu2008attribute,
  title={Attribute Based Access Control and Security for Collaboration Environments},
  author={Zhu, J. and Smari, W.W.},
  booktitle={Aerospace and Electronics Conference, 2008. NAECON 2008. IEEE National},
  pages={31--35},
  year={2008},
  organization={IEEE}
}

@inproceedings{alipour2011policy,
  title={A policy based access control model for web services},
  author={Alipour, H.S. and Sabbari, M. and Nazemi, E.},
  booktitle={Internet Technology and Secured Transactions (ICITST), 2011 International Conference for},
  pages={472--477},
  year={2011},
  organization={IEEE}
}

@inproceedings{shen2006attribute,
  title={An attribute-based access control model for web services},
  author={Shen, H. and Hong, F.},
  booktitle={Parallel and Distributed Computing, Applications and Technologies, 2006. PDCAT'06. Seventh International Conference on},
  pages={74--79},
  year={2006},
  organization={IEEE}
}

@book{ben2005-SDS,
  title={Implementing database security and auditing: a guide for DBAs, information security administrators and auditors},
  author={Ben-Natan, R.},
  year={2005},
  publisher={Digital Press}
}

@article{president2004revolutionizing,
  title={Revolutionizing health care through information technology},
  author={President’s Information Technology Advisory Committee and others},
  journal={Arlington, VA: National Coordination Office for Information Technology Research and Development},
  year={2004}
}

@misc{_ibm_appscan,
  title = {{IBM} Software - {IBM} Security {AppScan} family - United States},
  url = {http://www-01.ibm.com/software/awdtools/appscan/},
  abstract = {{IBM} Security {AppScan} delivers application vulnerability testing and management across the application lifecycle for web and mobile apps, including static and dynamic application security testing.},
  urldate = {2013-01-26},
  keywords = {Application security, dynamic application security testing, Rational {AppScan}, Rational {AppScan} Enterprise, scalable security solution, Security {AppScan}, Security {AppScan} Enterprise., security compliance, source code analysis, web-based security solution},
  howpublished = {http://www-01.ibm.com/software/awdtools/appscan/},
  note = {Accessed: 2013-01-23}
},

@misc{_nessus,
  title = {Nessus Vulnerability Scanner},
  url = {http://www.tenable.com/products/nessus},
  urldate = {2013-01-26},
  howpublished = {http://www.tenable.com/products/nessus},
  file = {Snapshot:/Users/caw/Library/Application Support/Zotero/Profiles/ycwlxgk0.default/zotero/storage/FD9TI2XV/nessus.html:text/html},
  note = {Accessed: 2013-01-23}
},

@misc{_penetration_metasploit,
  title = {Penetration Testing Software {\textbar} Metasploit},
  url = {http://www.metasploit.com/},
  urldate = {2013-01-26},
  howpublished = {http://www.metasploit.com/},
  file = {Penetration Testing Software | Metasploit:/Users/caw/Library/Application Support/Zotero/Profiles/ycwlxgk0.default/zotero/storage/IS75PPKJ/www.metasploit.com.html:text/html},
  note = {Accessed: 2013-01-23}
}

@INPROCEEDINGS{Accorsi06-Privacy,
    author = {Rafael Accorsi},
    title = {On the relationship of privacy and secure remote logging in dynamic systems},
    booktitle = {Proceedings of the 21st IFIP TC-11 International Security Conference: Security and Privacy in Dynamic Environments, International Federation for Information Processing},
    year = {2006},
    pages = {329--339},
    publisher = {Springer-Verlag}
}

@article{Anderson2005-ComparisonEAPL_XACML,
  title={A comparison of two privacy policy languages: EPAL and XACML},
  author={Anderson, A.},
  year={2005},
  publisher={Sun Microsystems, Inc.}
}

@article{bellare2006new,
  title={New proofs for NMAC and HMAC: Security without collision-resistance},
  author={Bellare, M.},
  journal={Advances in Cryptology-CRYPTO 2006},
  pages={602--619},
  year={2006},
  publisher={Springer}
}

@misc{bethencourt2011advanced,
  title={Advanced crypto software collection: the cpabe toolkit},
  author={Bethencourt, J. and Sahai, A. and Waters, B.},
  url={http://acsc.cs.utexas.edu/cpabe}
}

@inproceedings{Kim1994-Tripwire,
 author = {Kim, Gene H. and Spafford, Eugene H.},
 title = {The design and implementation of tripwire: a file system integrity checker},
 booktitle = {Proceedings of the 2nd ACM Conference on Computer and communications security},
 series = {CCS '94},
 year = {1994},
 isbn = {0-89791-732-4},
 location = {Fairfax, Virginia, United States},
 pages = {18--29},
 numpages = {12},
 doi = {10.1145/191177.191183},
 acmid = {191183},
 publisher = {ACM},
 address = {New York, NY, USA},
} 

@inproceedings{Abrams1990-AccessControl,
  title={A generalized framework for access control: An informal description},
  author={Abrams, M.D. and Eggers, K.W. and LaPadula, L. and Olson, I.},
  booktitle={Proceedings of the 13th National Computer Security Conference},
  pages={135--143},
  year={1990}
}

@inproceedings{Goyal2006-ABAC,
  title={Attribute-based encryption for fine-grained access control of encrypted data},
  author={Goyal, V. and Pandey, O. and Sahai, A. and Waters, B.},
  booktitle={Proceedings of the 13th ACM conference on Computer and communications security},
  pages={89--98},
  year={2006},
  organization={ACM}
}

@inproceedings{David1992-RBAC,
  title={Role-based access controls},
  author={David, F. and Richard, K.},
  booktitle={Proceedings of 15th NIST-NCSC National Computer Security Conference},
  volume={563},
  year={1992},
  organization={Baltimore, Maryland: NIST-NCSC}
}

@article{bertoni2009keccak,
  title={Keccak specifications},
  author={Bertoni, G. and Daemen, J. and Peeters, M. and Van Assche, G.},
  journal={Submission to NIST (Round 2)},
  year={2009}
}

@article{Sandhu1996-RBAC,
  title={Role-based access control models},
  author={Sandhu, R.S. and Coyne, E.J. and Feinstein, H.L. and Youman, C.E.},
  journal={Computer},
  volume={29},
  number={2},
  pages={38--47},
  year={1996},
  publisher={IEEE}
}

@article{akinyelecharm,
  title={Charm: A Framework for Rapidly Prototyping Cryptosystems},
  author={Akinyele, J.A. and Green, M. and Rubin, A.}
}

@article{Ferraiolo2001-RBAC,
  title={Proposed NIST standard for role-based access control},
  author={Ferraiolo, D.F. and Sandhu, R. and Gavrila, S. and Kuhn, D.R. and Chandramouli, R.},
  journal={ACM Transactions on Information and System Security (TISSEC)},
  volume={4},
  number={3},
  pages={224--274},
  year={2001},
  publisher={ACM}
}

@article{krawczyk1997hmac-old,
  title={HMAC: Keyed-hashing for message authentication},
  author={Krawczyk, H. and Canetti, R. and Bellare, M.},
  year={1997}
}

@article{krawczyk1997hmac,
  title={RFC 2104: HMAC: Keyed-hashing for message authentication},
  author={Krawczyk, H. and Bellare, M. and Canetti, R.},
  year={1997},
  journal={IETF},
  month={February}
}

@book{owens2006definitive,
  title={The definitive guide to SQLite},
  author={Owens, M.},
  year={2006},
  publisher={Apress}
}

@book{allen2010definitive,
  title={The definitive guide to SQLite},
  author={Allen, G. and Owens, M.},
  year={2010},
  publisher={Apress}
}

@article{akinyelecharm,
  title={Charm: A Framework for Rapidly Prototyping Cryptosystems},
  author={Akinyele, J.A. and Green, M. and Rubin, A.}
}

@inproceedings{Holt2006:LogCrypt,
 author = {Holt, Jason E.},
 title = {Logcrypt: forward security and public verification for secure audit logs},
 booktitle = {Proceedings of the 2006 Australasian workshops on Grid computing and e-research - Volume 54},
 series = {ACSW Frontiers '06},
 year = {2006},
 isbn = {1-920-68236-8},
 location = {Hobart, Tasmania, Australia},
 pages = {203--211},
 numpages = {9},
 acmid = {1151852},
 publisher = {Australian Computer Society, Inc.},
 address = {Darlinghurst, Australia, Australia},
} 
[download]

@article{boneh2001short,
  title={Short signatures from the Weil pairing},
  author={Boneh, D. and Lynn, B. and Shacham, H.},
  journal={Advances in Cryptology—ASIACRYPT 2001},
  pages={514--532},
  year={2001},
  publisher={Springer}
}

@TECHREPORT{Bellare1997-ForwardIntegrity,
    author = {Mihir Bellare and Bennet S. Yee},
    title = {Forward Integrity for Secure Audit Logs},
    institution = {},
    year = {1997}
}

@inproceedings{ma2007-forward,
  title={Forward-secure sequential aggregate authentication},
  author={Ma, D. and Tsudik, G.},
  booktitle={Security and Privacy, 2007. SP'07. IEEE Symposium on},
  pages={86--91},
  year={2007},
  organization={IEEE}
}

@inproceedings{ma2008practical,
  title={Practical forward secure sequential aggregate signatures},
  author={Ma, D.},
  booktitle={Proceedings of the 2008 ACM symposium on Information, computer and communications security (ASIACCS’08)},
  pages={341--352},
  year={2008}
}

@article{Bergadano2007-SecureLogging,
  author    = {Paolo Dal Checco and
               Francesco Bergadano and
               Davide Cavagnino and
               Pasquale Andrea Nesta and
               Michele Miraglia and
               Pier Luigi Zaccone},
  title     = {Secure Logging for Irrefutable Administration},
  journal   = {I. J. Network Security},
  volume    = {4},
  number    = {3},
  year      = {2007},
  pages     = {340-347},
  bibsource = {DBLP, http://dblp.uni-trier.de}
}

@misc{NIST-KECCAK,
  title = {{NIST} Selects Winner of Secure Hash Algorithm {(SHA-3)} Competition},
  url = {http://www.nist.gov/itl/csd/sha-100212.cfm},
  file = {NIST Selects Winner of Secure Hash Algorithm (SHA-3) Competition:/Users/caw/Library/Application Support/Zotero/Profiles/ycwlxgk0.default/zotero/storage/C4GECKVN/sha-100212.html:text/html}
}

@article{andreeva2011security,
  title={Security reductions of the second round SHA-3 candidates},
  author={Andreeva, E. and Mennink, B. and Preneel, B.},
  journal={Information Security},
  pages={39--53},
  year={2011},
  publisher={Springer}
}

@article{goyal2008bounded,
  title={Bounded ciphertext policy attribute based encryption},
  author={Goyal, V. and Jain, A. and Pandey, O. and Sahai, A.},
  journal={Automata, Languages and Programming},
  pages={579--591},
  year={2008},
  publisher={Springer}
}

@inproceedings{bellare1993random,
  title={Random oracles are practical: A paradigm for designing efficient protocols},
  author={Bellare, M. and Rogaway, P.},
  booktitle={Proceedings of the 1st ACM conference on Computer and communications security},
  pages={62--73},
  year={1993},
  organization={ACM}
}

@inproceedings{shoup1997lower,
  title={Lower bounds for discrete logarithms and related problems},
  author={Shoup, V.},
  booktitle={Advances in Cryptology—EUROCRYPT’97},
  pages={256--266},
  year={1997},
  organization={Springer}
}

@article{boneh2005hierarchical,
  title={Hierarchical identity based encryption with constant size ciphertext},
  author={Boneh, D. and Boyen, X. and Goh, E.J.},
  journal={Advances in Cryptology--EUROCRYPT 2005},
  pages={562--562},
  year={2005},
  publisher={Springer}
}

@inproceedings{Bethencourt2007-CPABE,
 author = {Bethencourt, John and Sahai, Amit and Waters, Brent},
 title = {Ciphertext-Policy Attribute-Based Encryption},
 booktitle = {Proceedings of the 2007 IEEE Symposium on Security and Privacy},
 series = {SP '07},
 year = {2007},
 isbn = {0-7695-2848-1},
 pages = {321--334},
 numpages = {14},
 doi = {10.1109/SP.2007.11},
 acmid = {1264219},
 publisher = {IEEE Computer Society},
 address = {Washington, DC, USA},
} 

@inproceedings{Boneh2001-IBE,
 author = {Boneh, Dan and Franklin, Matthew K.},
 title = {Identity-Based Encryption from the Weil Pairing},
 booktitle = {Proceedings of the 21st Annual International Cryptology Conference on Advances in Cryptology},
 series = {CRYPTO '01},
 year = {2001},
 isbn = {3-540-42456-3},
 pages = {213--229},
 numpages = {17},
 acmid = {704155},
 publisher = {Springer-Verlag},
 address = {London, UK, UK},
}

@inproceedings{Boneh2003:SIGS,
 author = {Boneh, Dan and Gentry, Craig and Lynn, Ben and Shacham, Hovav},
 title = {Aggregate and verifiably encrypted signatures from bilinear maps},
 booktitle = {Proceedings of the 22nd international conference on Theory and applications of cryptographic techniques},
 series = {EUROCRYPT'03},
 year = {2003},
 isbn = {3-540-14039-5},
 location = {Warsaw, Poland},
 pages = {416--432},
 numpages = {17},
 acmid = {1766207},
 publisher = {Springer-Verlag},
 address = {Berlin, Heidelberg},
} 

@book{Howard2006-SDL,
  title={The Security Development Lifecycle: SDL, A Process for Developing Demonstrably More Secure Software},
  author={Howard, M. and Lipner, S.},
  lccn={2006924466},
  series={Microsoft Press Series},
  year={2006},
  publisher={Microsoft Press}
}

@inproceedings{Joux2000:TDH,
 author = {Joux, Antoine},
 title = {A One Round Protocol for Tripartite Diffie-Hellman},
 booktitle = {Proceedings of the 4th International Symposium on Algorithmic Number Theory},
 series = {ANTS-IV},
 year = {2000},
 isbn = {3-540-67695-3},
 pages = {385--394},
 numpages = {10},
 acmid = {749894},
 publisher = {Springer-Verlag},
 address = {London, UK, UK},
} 



@article{Ma2009-Logging,
 author = {Ma, Di and Tsudik, Gene},
 title = {A new approach to secure logging},
 journal = {Trans. Storage},
 issue_date = {March 2009},
 volume = {5},
 number = {1},
 month = mar,
 year = {2009},
 issn = {1553-3077},
 pages = {2:1--2:21},
 articleno = {2},
 numpages = {21},
 doi = {10.1145/1502777.1502779},
 acmid = {1502779},
 publisher = {ACM},
 address = {New York, NY, USA},
 keywords = {MACs, Secure logging, forward secure sequential aggregate (FssAgg) authentication, forward-secure stream integrity, signatures, truncation attack},
}

@inproceedings{Ma2008-FssAgg,
 author = {Ma, Di},
 title = {Practical forward secure sequential aggregate signatures},
 booktitle = {Proceedings of the 2008 ACM symposium on Information, computer and communications security},
 series = {ASIACCS '08},
 year = {2008},
 isbn = {978-1-59593-979-1},
 location = {Tokyo, Japan},
 pages = {341--352},
 numpages = {12},
 doi = {10.1145/1368310.1368361},
 acmid = {1368361},
 publisher = {ACM},
 address = {New York, NY, USA},
 keywords = {MAC, forward secure sequential aggregate authentication, quality of forward security, signature},
} 

@article{Popa2012-CryptDB,
 author = {Popa, Raluca Ada and Redfield, Catherine M. S. and Zeldovich, Nickolai and Balakrishnan, Hari},
 title = {CryptDB: processing queries on an encrypted database},
 journal = {Commun. ACM},
 issue_date = {September 2012},
 volume = {55},
 number = {9},
 month = sep,
 year = {2012},
 issn = {0001-0782},
 pages = {103--111},
 numpages = {9},
 url = {http://doi.acm.org/10.1145/2330667.2330691},
 doi = {10.1145/2330667.2330691},
 acmid = {2330691},
 publisher = {ACM},
 address = {New York, NY, USA},
} 

@inproceedings{Sandhu2000-nist-rbac,
  title={The NIST model for role-based access control: towards a unified standard},
  author={Sandhu, R. and Ferraiolo, D. and Kuhn, R.},
  booktitle={Symposium on Access Control Models and Technologies: Proceedings of the fifth ACM workshop on Role-based access control},
  volume={26},
  number={28},
  pages={47--63},
  year={2000}
}

@article{Schneier1999-Secure,
  title={Secure audit logs to support computer forensics},
  author={Schneier, B. and Kelsey, J.},
  journal={ACM Transactions on Information and System Security (TISSEC)},
  volume={2},
  number={2},
  pages={159--176},
  year={1999},
  publisher={ACM}
}

@inproceedings{Junod2010-ABE,
 author = {Junod, Pascal and Karlov, Alexandre},
 title = {An efficient public-key attribute-based broadcast encryption scheme allowing arbitrary access policies},
 booktitle = {Proceedings of the tenth annual ACM workshop on Digital rights management},
 series = {DRM '10},
 year = {2010},
 isbn = {978-1-4503-0091-9},
 location = {Chicago, Illinois, USA},
 pages = {13--24},
 numpages = {12},
 doi = {10.1145/1866870.1866875},
 acmid = {1866875},
 publisher = {ACM},
 address = {New York, NY, USA},
 keywords = {attribute-based encryption, broadcast encryption, pairing-based cryptography},
} 

@inproceedings{Yavuz2009-BAF,
 author = {Yavuz, Attila Altay and Ning, Peng},
 title = {BAF: An Efficient Publicly Verifiable Secure Audit Logging Scheme for Distributed Systems},
 booktitle = {Proceedings of the 2009 Annual Computer Security Applications Conference},
 series = {ACSAC '09},
 year = {2009},
 isbn = {978-0-7695-3919-5},
 pages = {219--228},
 numpages = {10},
 doi = {10.1109/ACSAC.2009.28},
 acmid = {1723235},
 publisher = {IEEE Computer Society},
 address = {Washington, DC, USA},
 keywords = {Applied cryptography, secure audit logging, digital forensics, forward security, signature aggregation},
} 
 
